@misc{kaggle,
	author = {Kaggle Inc.},
	title = {Kaggle},
	month = {June},
	year = {2018},
	url = {https://www.kaggle.com}
},

@misc{challenge,
	author = {Kaggle Inc.},
	title = {Google Landmark Recognition Challenge},
	month = {June},
	year = {2018},
	url = {https://www.kaggle.com/c/landmark-recognition-challenge}
},

@misc{data,
	author = {Kaggle Inc.},
	title = {Google Landmark Recognition Challenge Data},
	month = {June},
	year = {2018},
	url = {https://www.kaggle.com/c/landmark-recognition-challenge/data}
}